<record><leader>00000cas a22000007a 4500</leader><controlfield tag="001">17624842</controlfield><controlfield tag="008">880314d19341937lauwr ne      0    0eng d</controlfield><datafield ind1=" " ind2=" " tag="010"><subfield code="a">sn 88064264 </subfield></datafield><datafield ind1=" " ind2=" " tag="040"><subfield code="a">LNP</subfield><subfield code="b">eng</subfield><subfield code="c">LNP</subfield><subfield code="d">OCLCQ</subfield></datafield><datafield ind1=" " ind2=" " tag="042"><subfield code="a">msc</subfield></datafield><datafield ind1="0" ind2="0" tag="245"><subfield code="a">Minden signal-tribune and the Springhill journal.</subfield></datafield><datafield ind1="3" ind2="0" tag="246"><subfield code="a">Minden signal-tribune the Springhill journal</subfield></datafield><datafield ind1="1" ind2="3" tag="246"><subfield code="a">Signal tribune and Springhill journal</subfield></datafield><datafield ind1=" " ind2=" " tag="260"><subfield code="a">Minden, La. :</subfield><subfield code="b">Minden Print. &amp; Supply Co.</subfield></datafield><datafield ind1=" " ind2=" " tag="310"><subfield code="a">Weekly</subfield></datafield><datafield ind1="0" ind2=" " tag="362"><subfield code="a">Vol. 67, no. 175 (Feb. 6, 1934)-v. 72, no. 47 [i.e. 52] (Apr. 25, 1937).</subfield></datafield><datafield ind1=" " ind2=" " tag="500"><subfield code="a">Title varies slightly: Minden signal-tribune the Springhill journal, Dec. 31, 1935-1937.</subfield></datafield><datafield ind1=" " ind2=" " tag="752"><subfield code="a">United States</subfield><subfield code="b">Louisiana</subfield><subfield code="c">Webster</subfield><subfield code="d">Minden.</subfield></datafield><datafield ind1="0" ind2="4" tag="780"><subfield code="t">Signal-tribune</subfield><subfield code="w">(DLC)sn 88064263</subfield></datafield><datafield ind1="0" ind2="4" tag="780"><subfield code="t">Springhill journal</subfield></datafield><datafield ind1="0" ind2="7" tag="785"><subfield code="t">Webster review (Minden, La.)</subfield><subfield code="w">(DLC)sn 88064265</subfield></datafield><datafield ind1="0" ind2="7" tag="785"><subfield code="t">Webster review signal tribune-Springhill journal</subfield><subfield code="w">(DLC)sn 88064266</subfield></datafield></record>